%YAML 1.1
%TAG !u! tag:unity3d.com,2011:
--- !u!1 &2418756498125660805
GameObject:
  m_ObjectHideFlags: 0
  m_CorrespondingSourceObject: {fileID: 0}
  m_PrefabInstance: {fileID: 0}
  m_PrefabAsset: {fileID: 0}
  serializedVersion: 6
  m_Component:
  - component: {fileID: 2418756498125660802}
  - component: {fileID: 2418756498125660800}
  - component: {fileID: 2418756498125660803}
  m_Layer: 5
  m_Name: Title
  m_TagString: Untagged
  m_Icon: {fileID: 0}
  m_NavMeshLayer: 0
  m_StaticEditorFlags: 0
  m_IsActive: 1
--- !u!224 &2418756498125660802
RectTransform:
  m_ObjectHideFlags: 0
  m_CorrespondingSourceObject: {fileID: 0}
  m_PrefabInstance: {fileID: 0}
  m_PrefabAsset: {fileID: 0}
  m_GameObject: {fileID: 2418756498125660805}
  m_LocalRotation: {x: -0, y: -0, z: -0, w: 1}
  m_LocalPosition: {x: 0, y: 0, z: 0}
  m_LocalScale: {x: 1, y: 1, z: 1}
  m_Children: []
  m_Father: {fileID: 2418756498143040638}
  m_RootOrder: 2
  m_LocalEulerAnglesHint: {x: 0, y: 0, z: 0}
  m_AnchorMin: {x: 0, y: 1}
  m_AnchorMax: {x: 1, y: 1}
  m_AnchoredPosition: {x: 0, y: -25}
  m_SizeDelta: {x: -100, y: 50}
  m_Pivot: {x: 0.5, y: 1}
--- !u!222 &2418756498125660800
CanvasRenderer:
  m_ObjectHideFlags: 0
  m_CorrespondingSourceObject: {fileID: 0}
  m_PrefabInstance: {fileID: 0}
  m_PrefabAsset: {fileID: 0}
  m_GameObject: {fileID: 2418756498125660805}
  m_CullTransparentMesh: 1
--- !u!114 &2418756498125660803
MonoBehaviour:
  m_ObjectHideFlags: 0
  m_CorrespondingSourceObject: {fileID: 0}
  m_PrefabInstance: {fileID: 0}
  m_PrefabAsset: {fileID: 0}
  m_GameObject: {fileID: 2418756498125660805}
  m_Enabled: 1
  m_EditorHideFlags: 0
  m_Script: {fileID: 11500000, guid: 5f7201a12d95ffc409449d95f23cf332, type: 3}
  m_Name: 
  m_EditorClassIdentifier: 
  m_Material: {fileID: 0}
  m_Color: {r: 1, g: 1, b: 1, a: 1}
  m_RaycastTarget: 1
  m_RaycastPadding: {x: 0, y: 0, z: 0, w: 0}
  m_Maskable: 1
  m_OnCullStateChanged:
    m_PersistentCalls:
      m_Calls: []
  m_FontData:
    m_Font: {fileID: 12800000, guid: 361ff6e4121dae6448288849d9dde42d, type: 2}
    m_FontSize: 0
    m_FontStyle: 0
    m_BestFit: 0
    m_MinSize: 0
    m_MaxSize: 160
    m_Alignment: 1
    m_AlignByGeometry: 0
    m_RichText: 1
    m_HorizontalOverflow: 0
    m_VerticalOverflow: 0
    m_LineSpacing: 1
  m_Text: Pingus
--- !u!1 &2418756498143040625
GameObject:
  m_ObjectHideFlags: 0
  m_CorrespondingSourceObject: {fileID: 0}
  m_PrefabInstance: {fileID: 0}
  m_PrefabAsset: {fileID: 0}
  serializedVersion: 6
  m_Component:
  - component: {fileID: 2418756498143040638}
  - component: {fileID: 2418756498143040637}
  m_Layer: 5
  m_Name: MainMenu
  m_TagString: Untagged
  m_Icon: {fileID: 0}
  m_NavMeshLayer: 0
  m_StaticEditorFlags: 0
  m_IsActive: 1
--- !u!224 &2418756498143040638
RectTransform:
  m_ObjectHideFlags: 0
  m_CorrespondingSourceObject: {fileID: 0}
  m_PrefabInstance: {fileID: 0}
  m_PrefabAsset: {fileID: 0}
  m_GameObject: {fileID: 2418756498143040625}
  m_LocalRotation: {x: 0, y: 0, z: 0, w: 1}
  m_LocalPosition: {x: 0, y: 0, z: 0}
  m_LocalScale: {x: 1, y: 1, z: 1}
  m_Children:
  - {fileID: 3967957925836171365}
  - {fileID: 5404633338698754088}
  - {fileID: 2418756498125660802}
  - {fileID: 2418756498093849441}
  - {fileID: 2034533186379612174}
  m_Father: {fileID: 0}
  m_RootOrder: 0
  m_LocalEulerAnglesHint: {x: 0, y: 0, z: 0}
  m_AnchorMin: {x: 0.5, y: 0.5}
  m_AnchorMax: {x: 0.5, y: 0.5}
  m_AnchoredPosition: {x: 0, y: 0}
  m_SizeDelta: {x: 650, y: 500}
  m_Pivot: {x: 0.5, y: 0.5}
--- !u!114 &2418756498143040637
MonoBehaviour:
  m_ObjectHideFlags: 0
  m_CorrespondingSourceObject: {fileID: 0}
  m_PrefabInstance: {fileID: 0}
  m_PrefabAsset: {fileID: 0}
  m_GameObject: {fileID: 2418756498143040625}
  m_Enabled: 1
  m_EditorHideFlags: 0
  m_Script: {fileID: 11500000, guid: bd85ee24a1ee4d7db04d9b43d7317f1b, type: 3}
  m_Name: 
  m_EditorClassIdentifier: 
--- !u!1 &4415287122366277226
GameObject:
  m_ObjectHideFlags: 0
  m_CorrespondingSourceObject: {fileID: 0}
  m_PrefabInstance: {fileID: 0}
  m_PrefabAsset: {fileID: 0}
  serializedVersion: 6
  m_Component:
  - component: {fileID: 3967957925836171365}
  m_Layer: 5
  m_Name: ButtonBar
  m_TagString: Untagged
  m_Icon: {fileID: 0}
  m_NavMeshLayer: 0
  m_StaticEditorFlags: 0
  m_IsActive: 1
--- !u!224 &3967957925836171365
RectTransform:
  m_ObjectHideFlags: 0
  m_CorrespondingSourceObject: {fileID: 0}
  m_PrefabInstance: {fileID: 0}
  m_PrefabAsset: {fileID: 0}
  m_GameObject: {fileID: 4415287122366277226}
  m_LocalRotation: {x: 0, y: 0, z: 0, w: 1}
  m_LocalPosition: {x: 0, y: 0, z: 0}
  m_LocalScale: {x: 1, y: 1, z: 1}
  m_Children:
  - {fileID: 7919845311757693805}
  - {fileID: 4583710862633484679}
  m_Father: {fileID: 2418756498143040638}
  m_RootOrder: 0
  m_LocalEulerAnglesHint: {x: 0, y: 0, z: 0}
  m_AnchorMin: {x: 0, y: 0}
  m_AnchorMax: {x: 1, y: 0}
  m_AnchoredPosition: {x: 0, y: 9.2}
  m_SizeDelta: {x: 0, y: 50}
  m_Pivot: {x: 0.5, y: 1}
--- !u!1 &5565523607013127795
GameObject:
  m_ObjectHideFlags: 0
  m_CorrespondingSourceObject: {fileID: 0}
  m_PrefabInstance: {fileID: 0}
  m_PrefabAsset: {fileID: 0}
  serializedVersion: 6
  m_Component:
  - component: {fileID: 5404633338698754088}
  - component: {fileID: 6843947196491154164}
  - component: {fileID: 8316056144859712745}
  m_Layer: 5
  m_Name: Background
  m_TagString: Untagged
  m_Icon: {fileID: 0}
  m_NavMeshLayer: 0
  m_StaticEditorFlags: 0
  m_IsActive: 1
--- !u!224 &5404633338698754088
RectTransform:
  m_ObjectHideFlags: 0
  m_CorrespondingSourceObject: {fileID: 0}
  m_PrefabInstance: {fileID: 0}
  m_PrefabAsset: {fileID: 0}
  m_GameObject: {fileID: 5565523607013127795}
  m_LocalRotation: {x: 0, y: 0, z: 0, w: 1}
  m_LocalPosition: {x: 0, y: 0, z: 0}
  m_LocalScale: {x: 1, y: 1, z: 1}
  m_Children: []
  m_Father: {fileID: 2418756498143040638}
  m_RootOrder: 1
  m_LocalEulerAnglesHint: {x: 0, y: 0, z: 0}
  m_AnchorMin: {x: 0, y: 0}
  m_AnchorMax: {x: 1, y: 1}
  m_AnchoredPosition: {x: 0, y: 0}
  m_SizeDelta: {x: 0, y: 0}
  m_Pivot: {x: 0.5, y: 0.5}
--- !u!222 &6843947196491154164
CanvasRenderer:
  m_ObjectHideFlags: 0
  m_CorrespondingSourceObject: {fileID: 0}
  m_PrefabInstance: {fileID: 0}
  m_PrefabAsset: {fileID: 0}
  m_GameObject: {fileID: 5565523607013127795}
  m_CullTransparentMesh: 1
--- !u!114 &8316056144859712745
MonoBehaviour:
  m_ObjectHideFlags: 0
  m_CorrespondingSourceObject: {fileID: 0}
  m_PrefabInstance: {fileID: 0}
  m_PrefabAsset: {fileID: 0}
  m_GameObject: {fileID: 5565523607013127795}
  m_Enabled: 1
  m_EditorHideFlags: 0
  m_Script: {fileID: 11500000, guid: fe87c0e1cc204ed48ad3b37840f39efc, type: 3}
  m_Name: 
  m_EditorClassIdentifier: 
  m_Material: {fileID: 0}
  m_Color: {r: 1, g: 1, b: 1, a: 1}
  m_RaycastTarget: 1
  m_RaycastPadding: {x: 0, y: 0, z: 0, w: 0}
  m_Maskable: 1
  m_OnCullStateChanged:
    m_PersistentCalls:
      m_Calls: []
  m_Sprite: {fileID: 21300000, guid: 63b2f0af6082932488f8b820a3c4930f, type: 3}
  m_Type: 1
  m_PreserveAspect: 0
  m_FillCenter: 1
  m_FillMethod: 4
  m_FillAmount: 1
  m_FillClockwise: 1
  m_FillOrigin: 0
  m_UseSpriteMesh: 0
  m_PixelsPerUnitMultiplier: 1.5
--- !u!1001 &2633698548306090002
PrefabInstance:
  m_ObjectHideFlags: 0
  serializedVersion: 2
  m_Modification:
    m_TransformParent: {fileID: 3967957925836171365}
    m_Modifications:
    - target: {fileID: 5288413132872690558, guid: dc596917133e6bc42945334ebe3abf4c, type: 3}
      propertyPath: m_Name
      value: LeftTopButton
      objectReference: {fileID: 0}
    - target: {fileID: 5288413132872690559, guid: dc596917133e6bc42945334ebe3abf4c, type: 3}
      propertyPath: m_Pivot.x
      value: 0
      objectReference: {fileID: 0}
    - target: {fileID: 5288413132872690559, guid: dc596917133e6bc42945334ebe3abf4c, type: 3}
      propertyPath: m_Pivot.y
      value: 1
      objectReference: {fileID: 0}
    - target: {fileID: 5288413132872690559, guid: dc596917133e6bc42945334ebe3abf4c, type: 3}
      propertyPath: m_RootOrder
      value: 0
      objectReference: {fileID: 0}
    - target: {fileID: 5288413132872690559, guid: dc596917133e6bc42945334ebe3abf4c, type: 3}
      propertyPath: m_AnchorMax.x
      value: 0.5
      objectReference: {fileID: 0}
    - target: {fileID: 5288413132872690559, guid: dc596917133e6bc42945334ebe3abf4c, type: 3}
      propertyPath: m_AnchorMax.y
      value: 1
      objectReference: {fileID: 0}
    - target: {fileID: 5288413132872690559, guid: dc596917133e6bc42945334ebe3abf4c, type: 3}
      propertyPath: m_AnchorMin.x
      value: 0.5
      objectReference: {fileID: 0}
    - target: {fileID: 5288413132872690559, guid: dc596917133e6bc42945334ebe3abf4c, type: 3}
      propertyPath: m_AnchorMin.y
      value: 1
      objectReference: {fileID: 0}
    - target: {fileID: 5288413132872690559, guid: dc596917133e6bc42945334ebe3abf4c, type: 3}
      propertyPath: m_SizeDelta.x
      value: 119
      objectReference: {fileID: 0}
    - target: {fileID: 5288413132872690559, guid: dc596917133e6bc42945334ebe3abf4c, type: 3}
      propertyPath: m_SizeDelta.y
      value: 37
      objectReference: {fileID: 0}
    - target: {fileID: 5288413132872690559, guid: dc596917133e6bc42945334ebe3abf4c, type: 3}
      propertyPath: m_LocalPosition.x
      value: 0
      objectReference: {fileID: 0}
    - target: {fileID: 5288413132872690559, guid: dc596917133e6bc42945334ebe3abf4c, type: 3}
      propertyPath: m_LocalPosition.y
      value: 0
      objectReference: {fileID: 0}
    - target: {fileID: 5288413132872690559, guid: dc596917133e6bc42945334ebe3abf4c, type: 3}
      propertyPath: m_LocalPosition.z
      value: 0
      objectReference: {fileID: 0}
    - target: {fileID: 5288413132872690559, guid: dc596917133e6bc42945334ebe3abf4c, type: 3}
      propertyPath: m_LocalRotation.w
      value: 1
      objectReference: {fileID: 0}
    - target: {fileID: 5288413132872690559, guid: dc596917133e6bc42945334ebe3abf4c, type: 3}
      propertyPath: m_LocalRotation.x
      value: -0
      objectReference: {fileID: 0}
    - target: {fileID: 5288413132872690559, guid: dc596917133e6bc42945334ebe3abf4c, type: 3}
      propertyPath: m_LocalRotation.y
      value: -0
      objectReference: {fileID: 0}
    - target: {fileID: 5288413132872690559, guid: dc596917133e6bc42945334ebe3abf4c, type: 3}
      propertyPath: m_LocalRotation.z
      value: -0
      objectReference: {fileID: 0}
    - target: {fileID: 5288413132872690559, guid: dc596917133e6bc42945334ebe3abf4c, type: 3}
      propertyPath: m_AnchoredPosition.x
      value: 0
      objectReference: {fileID: 0}
    - target: {fileID: 5288413132872690559, guid: dc596917133e6bc42945334ebe3abf4c, type: 3}
      propertyPath: m_AnchoredPosition.y
      value: 0
      objectReference: {fileID: 0}
    - target: {fileID: 5288413132872690559, guid: dc596917133e6bc42945334ebe3abf4c, type: 3}
      propertyPath: m_LocalEulerAnglesHint.x
      value: 0
      objectReference: {fileID: 0}
    - target: {fileID: 5288413132872690559, guid: dc596917133e6bc42945334ebe3abf4c, type: 3}
      propertyPath: m_LocalEulerAnglesHint.y
      value: 0
      objectReference: {fileID: 0}
    - target: {fileID: 5288413132872690559, guid: dc596917133e6bc42945334ebe3abf4c, type: 3}
      propertyPath: m_LocalEulerAnglesHint.z
      value: 0
      objectReference: {fileID: 0}
    - target: {fileID: 5288413134361398207, guid: dc596917133e6bc42945334ebe3abf4c, type: 3}
      propertyPath: m_Text
      value: Credits
      objectReference: {fileID: 0}
    m_RemovedComponents: []
  m_SourcePrefab: {fileID: 100100000, guid: dc596917133e6bc42945334ebe3abf4c, type: 3}
--- !u!224 &7919845311757693805 stripped
RectTransform:
  m_CorrespondingSourceObject: {fileID: 5288413132872690559, guid: dc596917133e6bc42945334ebe3abf4c, type: 3}
  m_PrefabInstance: {fileID: 2633698548306090002}
  m_PrefabAsset: {fileID: 0}
--- !u!1001 &5283270649045201265
PrefabInstance:
  m_ObjectHideFlags: 0
  serializedVersion: 2
  m_Modification:
    m_TransformParent: {fileID: 3967957925836171365}
    m_Modifications:
    - target: {fileID: 8560619514596192502, guid: 5af38f66222d042448b95d9580c1a4cd, type: 3}
      propertyPath: m_Pivot.x
      value: 1
      objectReference: {fileID: 0}
    - target: {fileID: 8560619514596192502, guid: 5af38f66222d042448b95d9580c1a4cd, type: 3}
      propertyPath: m_Pivot.y
      value: 1
      objectReference: {fileID: 0}
    - target: {fileID: 8560619514596192502, guid: 5af38f66222d042448b95d9580c1a4cd, type: 3}
      propertyPath: m_RootOrder
      value: 1
      objectReference: {fileID: 0}
    - target: {fileID: 8560619514596192502, guid: 5af38f66222d042448b95d9580c1a4cd, type: 3}
      propertyPath: m_AnchorMax.x
      value: 0.5
      objectReference: {fileID: 0}
    - target: {fileID: 8560619514596192502, guid: 5af38f66222d042448b95d9580c1a4cd, type: 3}
      propertyPath: m_AnchorMax.y
      value: 1
      objectReference: {fileID: 0}
    - target: {fileID: 8560619514596192502, guid: 5af38f66222d042448b95d9580c1a4cd, type: 3}
      propertyPath: m_AnchorMin.x
      value: 0.5
      objectReference: {fileID: 0}
    - target: {fileID: 8560619514596192502, guid: 5af38f66222d042448b95d9580c1a4cd, type: 3}
      propertyPath: m_AnchorMin.y
      value: 1
      objectReference: {fileID: 0}
    - target: {fileID: 8560619514596192502, guid: 5af38f66222d042448b95d9580c1a4cd, type: 3}
      propertyPath: m_SizeDelta.x
      value: 119
      objectReference: {fileID: 0}
    - target: {fileID: 8560619514596192502, guid: 5af38f66222d042448b95d9580c1a4cd, type: 3}
      propertyPath: m_SizeDelta.y
      value: 37
      objectReference: {fileID: 0}
    - target: {fileID: 8560619514596192502, guid: 5af38f66222d042448b95d9580c1a4cd, type: 3}
      propertyPath: m_LocalPosition.x
      value: 0
      objectReference: {fileID: 0}
    - target: {fileID: 8560619514596192502, guid: 5af38f66222d042448b95d9580c1a4cd, type: 3}
      propertyPath: m_LocalPosition.y
      value: 0
      objectReference: {fileID: 0}
    - target: {fileID: 8560619514596192502, guid: 5af38f66222d042448b95d9580c1a4cd, type: 3}
      propertyPath: m_LocalPosition.z
      value: 0
      objectReference: {fileID: 0}
    - target: {fileID: 8560619514596192502, guid: 5af38f66222d042448b95d9580c1a4cd, type: 3}
      propertyPath: m_LocalRotation.w
      value: 1
      objectReference: {fileID: 0}
    - target: {fileID: 8560619514596192502, guid: 5af38f66222d042448b95d9580c1a4cd, type: 3}
      propertyPath: m_LocalRotation.x
      value: -0
      objectReference: {fileID: 0}
    - target: {fileID: 8560619514596192502, guid: 5af38f66222d042448b95d9580c1a4cd, type: 3}
      propertyPath: m_LocalRotation.y
      value: -0
      objectReference: {fileID: 0}
    - target: {fileID: 8560619514596192502, guid: 5af38f66222d042448b95d9580c1a4cd, type: 3}
      propertyPath: m_LocalRotation.z
      value: -0
      objectReference: {fileID: 0}
    - target: {fileID: 8560619514596192502, guid: 5af38f66222d042448b95d9580c1a4cd, type: 3}
      propertyPath: m_AnchoredPosition.x
      value: 0
      objectReference: {fileID: 0}
    - target: {fileID: 8560619514596192502, guid: 5af38f66222d042448b95d9580c1a4cd, type: 3}
      propertyPath: m_AnchoredPosition.y
      value: -0.9
      objectReference: {fileID: 0}
    - target: {fileID: 8560619514596192502, guid: 5af38f66222d042448b95d9580c1a4cd, type: 3}
      propertyPath: m_LocalEulerAnglesHint.x
      value: 0
      objectReference: {fileID: 0}
    - target: {fileID: 8560619514596192502, guid: 5af38f66222d042448b95d9580c1a4cd, type: 3}
      propertyPath: m_LocalEulerAnglesHint.y
      value: 0
      objectReference: {fileID: 0}
    - target: {fileID: 8560619514596192502, guid: 5af38f66222d042448b95d9580c1a4cd, type: 3}
      propertyPath: m_LocalEulerAnglesHint.z
      value: 0
      objectReference: {fileID: 0}
    - target: {fileID: 8560619514596192503, guid: 5af38f66222d042448b95d9580c1a4cd, type: 3}
      propertyPath: m_Name
      value: RightTopButton
      objectReference: {fileID: 0}
    - target: {fileID: 8560619515819610166, guid: 5af38f66222d042448b95d9580c1a4cd, type: 3}
      propertyPath: m_Text
      value: Settings
      objectReference: {fileID: 0}
    m_RemovedComponents: []
  m_SourcePrefab: {fileID: 100100000, guid: 5af38f66222d042448b95d9580c1a4cd, type: 3}
--- !u!224 &4583710862633484679 stripped
RectTransform:
  m_CorrespondingSourceObject: {fileID: 8560619514596192502, guid: 5af38f66222d042448b95d9580c1a4cd, type: 3}
  m_PrefabInstance: {fileID: 5283270649045201265}
  m_PrefabAsset: {fileID: 0}
--- !u!1001 &6226273536337555305
PrefabInstance:
  m_ObjectHideFlags: 0
  serializedVersion: 2
  m_Modification:
    m_TransformParent: {fileID: 2418756498143040638}
    m_Modifications:
    - target: {fileID: 4005579615695376365, guid: 21d192a29c14f024da1b91604045bc08, type: 3}
      propertyPath: m_OnClick.m_PersistentCalls.m_Calls.Array.size
      value: 1
      objectReference: {fileID: 0}
    - target: {fileID: 4005579615695376365, guid: 21d192a29c14f024da1b91604045bc08, type: 3}
      propertyPath: m_OnClick.m_PersistentCalls.m_Calls.Array.data[0].m_Mode
      value: 1
      objectReference: {fileID: 0}
    - target: {fileID: 4005579615695376365, guid: 21d192a29c14f024da1b91604045bc08, type: 3}
      propertyPath: m_OnClick.m_PersistentCalls.m_Calls.Array.data[0].m_Target
      value: 
      objectReference: {fileID: 2418756498143040637}
    - target: {fileID: 4005579615695376365, guid: 21d192a29c14f024da1b91604045bc08, type: 3}
      propertyPath: m_OnClick.m_PersistentCalls.m_Calls.Array.data[0].m_CallState
      value: 2
      objectReference: {fileID: 0}
    - target: {fileID: 4005579615695376365, guid: 21d192a29c14f024da1b91604045bc08, type: 3}
      propertyPath: m_OnClick.m_PersistentCalls.m_Calls.Array.data[0].m_MethodName
      value: HandleExit
      objectReference: {fileID: 0}
    - target: {fileID: 4005579615695376365, guid: 21d192a29c14f024da1b91604045bc08, type: 3}
      propertyPath: m_OnClick.m_PersistentCalls.m_Calls.Array.data[0].m_TargetAssemblyTypeName
      value: _00_Main._90_Scripts._00_Runtime.Components.UI.Menus.MainMenu, Pingus.Runtime
      objectReference: {fileID: 0}
    - target: {fileID: 4005579615695376365, guid: 21d192a29c14f024da1b91604045bc08, type: 3}
      propertyPath: m_OnClick.m_PersistentCalls.m_Calls.Array.data[0].m_Arguments.m_ObjectArgumentAssemblyTypeName
      value: UnityEngine.Object, UnityEngine
      objectReference: {fileID: 0}
    - target: {fileID: 5355967345048563559, guid: 21d192a29c14f024da1b91604045bc08, type: 3}
      propertyPath: m_Pivot.x
      value: 1
      objectReference: {fileID: 0}
    - target: {fileID: 5355967345048563559, guid: 21d192a29c14f024da1b91604045bc08, type: 3}
      propertyPath: m_Pivot.y
      value: 0
      objectReference: {fileID: 0}
    - target: {fileID: 5355967345048563559, guid: 21d192a29c14f024da1b91604045bc08, type: 3}
      propertyPath: m_RootOrder
      value: 4
      objectReference: {fileID: 0}
    - target: {fileID: 5355967345048563559, guid: 21d192a29c14f024da1b91604045bc08, type: 3}
      propertyPath: m_AnchorMax.x
      value: 1
      objectReference: {fileID: 0}
    - target: {fileID: 5355967345048563559, guid: 21d192a29c14f024da1b91604045bc08, type: 3}
      propertyPath: m_AnchorMax.y
      value: 0
      objectReference: {fileID: 0}
    - target: {fileID: 5355967345048563559, guid: 21d192a29c14f024da1b91604045bc08, type: 3}
      propertyPath: m_AnchorMin.x
      value: 1
      objectReference: {fileID: 0}
    - target: {fileID: 5355967345048563559, guid: 21d192a29c14f024da1b91604045bc08, type: 3}
      propertyPath: m_AnchorMin.y
      value: 0
      objectReference: {fileID: 0}
    - target: {fileID: 5355967345048563559, guid: 21d192a29c14f024da1b91604045bc08, type: 3}
      propertyPath: m_SizeDelta.x
      value: 113
      objectReference: {fileID: 0}
    - target: {fileID: 5355967345048563559, guid: 21d192a29c14f024da1b91604045bc08, type: 3}
      propertyPath: m_SizeDelta.y
      value: 78
      objectReference: {fileID: 0}
    - target: {fileID: 5355967345048563559, guid: 21d192a29c14f024da1b91604045bc08, type: 3}
      propertyPath: m_LocalPosition.x
      value: 0
      objectReference: {fileID: 0}
    - target: {fileID: 5355967345048563559, guid: 21d192a29c14f024da1b91604045bc08, type: 3}
      propertyPath: m_LocalPosition.y
      value: 0
      objectReference: {fileID: 0}
    - target: {fileID: 5355967345048563559, guid: 21d192a29c14f024da1b91604045bc08, type: 3}
      propertyPath: m_LocalPosition.z
      value: 0
      objectReference: {fileID: 0}
    - target: {fileID: 5355967345048563559, guid: 21d192a29c14f024da1b91604045bc08, type: 3}
      propertyPath: m_LocalRotation.w
      value: 1
      objectReference: {fileID: 0}
    - target: {fileID: 5355967345048563559, guid: 21d192a29c14f024da1b91604045bc08, type: 3}
      propertyPath: m_LocalRotation.x
      value: 0
      objectReference: {fileID: 0}
    - target: {fileID: 5355967345048563559, guid: 21d192a29c14f024da1b91604045bc08, type: 3}
      propertyPath: m_LocalRotation.y
      value: 0
      objectReference: {fileID: 0}
    - target: {fileID: 5355967345048563559, guid: 21d192a29c14f024da1b91604045bc08, type: 3}
      propertyPath: m_LocalRotation.z
      value: 0
      objectReference: {fileID: 0}
    - target: {fileID: 5355967345048563559, guid: 21d192a29c14f024da1b91604045bc08, type: 3}
      propertyPath: m_AnchoredPosition.x
      value: -25
      objectReference: {fileID: 0}
    - target: {fileID: 5355967345048563559, guid: 21d192a29c14f024da1b91604045bc08, type: 3}
      propertyPath: m_AnchoredPosition.y
      value: -15
      objectReference: {fileID: 0}
    - target: {fileID: 5355967345048563559, guid: 21d192a29c14f024da1b91604045bc08, type: 3}
      propertyPath: m_LocalEulerAnglesHint.x
      value: 0
      objectReference: {fileID: 0}
    - target: {fileID: 5355967345048563559, guid: 21d192a29c14f024da1b91604045bc08, type: 3}
      propertyPath: m_LocalEulerAnglesHint.y
      value: 0
      objectReference: {fileID: 0}
    - target: {fileID: 5355967345048563559, guid: 21d192a29c14f024da1b91604045bc08, type: 3}
      propertyPath: m_LocalEulerAnglesHint.z
      value: 0
      objectReference: {fileID: 0}
    - target: {fileID: 7201391456205168621, guid: 21d192a29c14f024da1b91604045bc08, type: 3}
      propertyPath: m_Name
      value: QuitButton
      objectReference: {fileID: 0}
    m_RemovedComponents: []
  m_SourcePrefab: {fileID: 100100000, guid: 21d192a29c14f024da1b91604045bc08, type: 3}
--- !u!224 &2034533186379612174 stripped
RectTransform:
  m_CorrespondingSourceObject: {fileID: 5355967345048563559, guid: 21d192a29c14f024da1b91604045bc08, type: 3}
  m_PrefabInstance: {fileID: 6226273536337555305}
  m_PrefabAsset: {fileID: 0}
--- !u!1001 &6476794624027500024
PrefabInstance:
  m_ObjectHideFlags: 0
  serializedVersion: 2
  m_Modification:
    m_TransformParent: {fileID: 2418756498143040638}
    m_Modifications:
    - target: {fileID: 8679303298338825880, guid: cead787f6c104314a981680a8763a742, type: 3}
      propertyPath: m_Name
      value: WorldList
      objectReference: {fileID: 0}
    - target: {fileID: 8679303298338825881, guid: cead787f6c104314a981680a8763a742, type: 3}
      propertyPath: m_Pivot.x
      value: 0.5
      objectReference: {fileID: 0}
    - target: {fileID: 8679303298338825881, guid: cead787f6c104314a981680a8763a742, type: 3}
      propertyPath: m_Pivot.y
      value: 1
      objectReference: {fileID: 0}
    - target: {fileID: 8679303298338825881, guid: cead787f6c104314a981680a8763a742, type: 3}
      propertyPath: m_RootOrder
      value: 3
      objectReference: {fileID: 0}
    - target: {fileID: 8679303298338825881, guid: cead787f6c104314a981680a8763a742, type: 3}
      propertyPath: m_AnchorMax.x
      value: 1
      objectReference: {fileID: 0}
    - target: {fileID: 8679303298338825881, guid: cead787f6c104314a981680a8763a742, type: 3}
      propertyPath: m_AnchorMax.y
      value: 1
      objectReference: {fileID: 0}
    - target: {fileID: 8679303298338825881, guid: cead787f6c104314a981680a8763a742, type: 3}
      propertyPath: m_AnchorMin.x
      value: 0
      objectReference: {fileID: 0}
    - target: {fileID: 8679303298338825881, guid: cead787f6c104314a981680a8763a742, type: 3}
      propertyPath: m_AnchorMin.y
      value: 1
      objectReference: {fileID: 0}
    - target: {fileID: 8679303298338825881, guid: cead787f6c104314a981680a8763a742, type: 3}
      propertyPath: m_SizeDelta.x
      value: -50
      objectReference: {fileID: 0}
    - target: {fileID: 8679303298338825881, guid: cead787f6c104314a981680a8763a742, type: 3}
      propertyPath: m_SizeDelta.y
      value: 0
      objectReference: {fileID: 0}
    - target: {fileID: 8679303298338825881, guid: cead787f6c104314a981680a8763a742, type: 3}
      propertyPath: m_LocalPosition.x
      value: 0
      objectReference: {fileID: 0}
    - target: {fileID: 8679303298338825881, guid: cead787f6c104314a981680a8763a742, type: 3}
      propertyPath: m_LocalPosition.y
      value: 0
      objectReference: {fileID: 0}
    - target: {fileID: 8679303298338825881, guid: cead787f6c104314a981680a8763a742, type: 3}
      propertyPath: m_LocalPosition.z
      value: 0
      objectReference: {fileID: 0}
    - target: {fileID: 8679303298338825881, guid: cead787f6c104314a981680a8763a742, type: 3}
      propertyPath: m_LocalRotation.w
      value: 1
      objectReference: {fileID: 0}
    - target: {fileID: 8679303298338825881, guid: cead787f6c104314a981680a8763a742, type: 3}
      propertyPath: m_LocalRotation.x
      value: 0
      objectReference: {fileID: 0}
    - target: {fileID: 8679303298338825881, guid: cead787f6c104314a981680a8763a742, type: 3}
      propertyPath: m_LocalRotation.y
      value: 0
      objectReference: {fileID: 0}
    - target: {fileID: 8679303298338825881, guid: cead787f6c104314a981680a8763a742, type: 3}
      propertyPath: m_LocalRotation.z
      value: 0
      objectReference: {fileID: 0}
    - target: {fileID: 8679303298338825881, guid: cead787f6c104314a981680a8763a742, type: 3}
      propertyPath: m_AnchoredPosition.x
      value: 0
      objectReference: {fileID: 0}
    - target: {fileID: 8679303298338825881, guid: cead787f6c104314a981680a8763a742, type: 3}
      propertyPath: m_AnchoredPosition.y
      value: -100
      objectReference: {fileID: 0}
    - target: {fileID: 8679303298338825881, guid: cead787f6c104314a981680a8763a742, type: 3}
      propertyPath: m_LocalEulerAnglesHint.x
      value: 0
      objectReference: {fileID: 0}
    - target: {fileID: 8679303298338825881, guid: cead787f6c104314a981680a8763a742, type: 3}
      propertyPath: m_LocalEulerAnglesHint.y
      value: 0
      objectReference: {fileID: 0}
    - target: {fileID: 8679303298338825881, guid: cead787f6c104314a981680a8763a742, type: 3}
      propertyPath: m_LocalEulerAnglesHint.z
      value: 0
      objectReference: {fileID: 0}
    m_RemovedComponents: []
  m_SourcePrefab: {fileID: 100100000, guid: cead787f6c104314a981680a8763a742, type: 3}
--- !u!224 &2418756498093849441 stripped
RectTransform:
  m_CorrespondingSourceObject: {fileID: 8679303298338825881, guid: cead787f6c104314a981680a8763a742, type: 3}
  m_PrefabInstance: {fileID: 6476794624027500024}
  m_PrefabAsset: {fileID: 0}
